@ARTICLE{saumon95,
   author = {{Saumon}, D. and {Chabrier}, G. and {van Horn}, H.~M.},
    title = "{An Equation of State for Low-Mass Stars and Giant Planets}",
  journal = {\apjs},
 keywords = {EQUATION OF STATE, STARS: INTERIORS, STARS: LOW-MASS, BROWN DWARFS, STARS: PLANETARY SYSTEMS},
     year = 1995,
    month = aug,
   volume = 99,
    pages = {713},
      doi = {10.1086/192204},
   adsurl = {http://adsabs.harvard.edu/abs/1995ApJS...99..713S},
  adsnote = {Provided by the SAO/NASA Astrophysics Data System}
}

@ARTICLE{pn05,
   author = {{Papaloizou}, J.~C.~B. and {Nelson}, R.~P.},
    title = "{Models of accreting gas giant protoplanets in protostellar disks}",
  journal = {\aap},
   eprint = {arXiv:astro-ph/0412377},
 keywords = {accretion, accretion disks, solar system: formation, stars: planetary systems},
     year = 2005,
    month = apr,
   volume = 433,
    pages = {247-265},
      doi = {10.1051/0004-6361:20042029},
   adsurl = {http://adsabs.harvard.edu/abs/2005A%26A...433..247P},
  adsnote = {Provided by the SAO/NASA Astrophysics Data System}
}

@ARTICLE{pap99,
   author = {{Papaloizou}, J.~C.~B. and {Terquem}, C.},
    title = "{Critical Protoplanetary Core Masses in Protoplanetary Disks and the Formation of Short-Period Giant Planets}",
  journal = {\apj},
   eprint = {arXiv:astro-ph/9903310},
 keywords = {ACCRETION, ACCRETION DISKS, STARS: PLANETARY SYSTEMS, SOLAR SYSTEM: FORMATION},
     year = 1999,
    month = aug,
   volume = 521,
    pages = {823-838},
      doi = {10.1086/307581},
   adsurl = {http://adsabs.harvard.edu/abs/1999ApJ...521..823P},
  adsnote = {Provided by the SAO/NASA Astrophysics Data System}
}

@ARTICLE{rafikov06,
   author = {{Rafikov}, R.~R.},
    title = "{Atmospheres of Protoplanetary Cores: Critical Mass for Nucleated Instability}",
  journal = {\apj},
   eprint = {arXiv:astro-ph/0405507},
 keywords = {Stars: Planetary Systems: Protoplanetary Disks, Planets and Satellites: Formation, Solar System: Formation},
     year = 2006,
    month = sep,
   volume = 648,
    pages = {666-682},
      doi = {10.1086/505695},
   adsurl = {http://adsabs.harvard.edu/abs/2006ApJ...648..666R},
  adsnote = {Provided by the SAO/NASA Astrophysics Data System}
}

@ARTICLE{semenov03,
   author = {{Semenov}, D. and {Henning}, T. and {Helling}, C. and {Ilgner}, M. and 
	{Sedlmayr}, E.},
    title = "{Rosseland and Planck mean opacities for protoplanetary discs}",
  journal = {\aap},
   eprint = {arXiv:astro-ph/0308344},
 keywords = {accretion, accretion discs, hydrodynamics, atomic processes, molecular processes, stars: planetary systems: protoplanetary discs},
     year = 2003,
    month = nov,
   volume = 410,
    pages = {611-621},
      doi = {10.1051/0004-6361:20031279},
   adsurl = {http://adsabs.harvard.edu/abs/2003A%26A...410..611S},
  adsnote = {Provided by the SAO/NASA Astrophysics Data System}
}

@ARTICLE{chiang10,
   author = {{Chiang}, E. and {Youdin}, A.~N.},
    title = "{Forming Planetesimals in Solar and Extrasolar Nebulae}",
  journal = {Annual Review of Earth and Planetary Sciences},
archivePrefix = "arXiv",
   eprint = {0909.2652},
 primaryClass = "astro-ph.EP",
     year = 2010,
    month = may,
   volume = 38,
    pages = {493-522},
      doi = {10.1146/annurev-earth-040809-152513},
   adsurl = {http://adsabs.harvard.edu/abs/2010AREPS..38..493C},
  adsnote = {Provided by the SAO/NASA Astrophysics Data System}
}

@ARTICLE{2004ARA&A..42..549G,
   author = {{Goldreich}, P. and {Lithwick}, Y. and {Sari}, R.},
    title = "{Planet Formation by Coagulation: A Focus on Uranus and Neptune}",
  journal = {\araa},
   eprint = {arXiv:astro-ph/0405215},
     year = 2004,
    month = sep,
   volume = 42,
    pages = {549-601},
      doi = {10.1146/annurev.astro.42.053102.134004},
   adsurl = {http://adsabs.harvard.edu/abs/2004ARA%26A..42..549G},
  adsnote = {Provided by the SAO/NASA Astrophysics Data System}
}

@ARTICLE{goldreich04,
   author = {{Goldreich}, P. and {Lithwick}, Y. and {Sari}, R.},
    title = "{Planet Formation by Coagulation: A Focus on Uranus and Neptune}",
  journal = {\araa},
   eprint = {arXiv:astro-ph/0405215},
     year = 2004,
    month = sep,
   volume = 42,
    pages = {549-601},
      doi = {10.1146/annurev.astro.42.053102.134004},
   adsurl = {http://adsabs.harvard.edu/abs/2004ARA%26A..42..549G},
  adsnote = {Provided by the SAO/NASA Astrophysics Data System}
}

@ARTICLE{rafikov06,
   author = {{Rafikov}, R.~R.},
    title = "{Atmospheres of Protoplanetary Cores: Critical Mass for
Nucleated Instability}",
  journal = {\apj},
   eprint = {arXiv:astro-ph/0405507},
 keywords = {Stars: Planetary Systems: Protoplanetary Disks, Planets
and Satellites: Formation, Solar System: Formation},
     year = 2006,
    month = sep,
   volume = 648,
    pages = {666-682},
      doi = {10.1086/505695},
   adsurl = {http://adsabs.harvard.edu/abs/2006ApJ...648..666R},
  adsnote = {Provided by the SAO/NASA Astrophysics Data System}
}


@ARTICLE{saumon95,
   author = {{Saumon}, D. and {Chabrier}, G. and {van Horn}, H.~M.},
    title = "{An Equation of State for Low-Mass Stars and Giant Planets}",
  journal = {\apjs},
 keywords = {EQUATION OF STATE, STARS: INTERIORS, STARS: LOW-MASS,
BROWN DWARFS, STARS: PLANETARY SYSTEMS},
     year = 1995,
    month = aug,
   volume = 99,
    pages = {713},
      doi = {10.1086/192204},
   adsurl = {http://adsabs.harvard.edu/abs/1995ApJS...99..713S},
  adsnote = {Provided by the SAO/NASA Astrophysics Data System}
}

@ARTICLE{ikoma00,
   author = {{Ikoma}, M. and {Nakazawa}, K. and {Emori}, H.},
    title = "{Formation of Giant Planets: Dependences on Core Accretion Rate and Grain Opacity}",
  journal = {\apj},
 keywords = {Stars: Planetary Systems, Solar System: Formation},
     year = 2000,
    month = jul,
   volume = 537,
    pages = {1013-1025},
      doi = {10.1086/309050},
   adsurl = {http://adsabs.harvard.edu/abs/2000ApJ...537.1013I},
  adsnote = {Provided by the SAO/NASA Astrophysics Data System}
}


@BOOK{thompson06,
   author = {{Thompson}, M.~J.},
    title = "{An introduction to astrophysical fluid dynamics}",
booktitle = {''An introduction to astrophysical fluid dynamics by Michael J.~Thompson.~Published: London : Imperial College Press, c2006.~xi, 227 p.~: ill.~; 23 cm.~Includes bibliographical references (p.~217-221) and index.~ISBN :},
     year = 2006,
   adsurl = {http://adsabs.harvard.edu/abs/2006iafd.book.....T},
  adsnote = {Provided by the SAO/NASA Astrophysics Data System}
  
}

@ARTICLE{stevenson82,
   author = {{Stevenson}, D.~J.},
    title = "{Formation of the giant planets}",
  journal = {\planss},
 keywords = {GAS GIANT PLANETS, PLANETARY COMPOSITION, PLANETARY CORES, PLANETARY EVOLUTION, PLANETARY MASS, PLANETARY TEMPERATURE, ADIABATIC CONDITIONS, ASTRONOMICAL MODELS, CONVECTIVE HEAT TRANSFER, GRAVITATIONAL COLLAPSE, LUMINOSITY, NATURAL SATELLITES, NEBULAE, PROTOPLANETS, THERMAL DIFFUSION},
     year = 1982,
    month = aug,
   volume = 30,
    pages = {755-764},
      doi = {10.1016/0032-0633(82)90108-8},
   adsurl = {http://adsabs.harvard.edu/abs/1982P%26SS...30..755S},
  adsnote = {Provided by the SAO/NASA Astrophysics Data System}
}

@ARTICLE{wuchterl93,
   author = {{Wuchterl}, G.},
    title = "{The critical mass for protoplanets revisited - Massive envelopes through convection}",
  journal = {Icarus},
 keywords = {PROTOPLANETS, PLANETARY MASS, ACCRETION DISKS, CONVECTION, STELLAR ENVELOPES, INTERPLANETARY DUST, INTERSTELLAR MATTER, BOUNDARY CONDITIONS, LUMINOUS INTENSITY},
     year = 1993,
    month = nov,
   volume = 106,
    pages = {323},
      doi = {10.1006/icar.1993.1174},
   adsurl = {http://adsabs.harvard.edu/abs/1993Icar..106..323W},
  adsnote = {Provided by the SAO/NASA Astrophysics Data System}
}

@ARTICLE{bell94,
   author = {{Bell}, K.~R. and {Lin}, D.~N.~C.},
    title = "{Using FU Orionis outbursts to constrain self-regulated protostellar disk models}",
  journal = {\apj},
   eprint = {arXiv:astro-ph/9312015},
 keywords = {ACCRETION DISKS, IONIZATION, PROTOSTARS, STAR FORMATION, STELLAR MASS ACCRETION, STELLAR MODELS, THERMAL STABILITY, HYDROGEN CLOUDS, RADIAL FLOW, STELLAR MASS EJECTION},
     year = 1994,
    month = jun,
   volume = 427,
    pages = {987-1004},
      doi = {10.1086/174206},
   adsurl = {http://adsabs.harvard.edu/abs/1994ApJ...427..987B},
  adsnote = {Provided by the SAO/NASA Astrophysics Data System}
}

@ARTICLE{pap99,
   author = {{Papaloizou}, J.~C.~B. and {Terquem}, C.},
    title = "{Critical Protoplanetary Core Masses in Protoplanetary Disks and the Formation of Short-Period Giant Planets}",
  journal = {\apj},
   eprint = {arXiv:astro-ph/9903310},
 keywords = {ACCRETION, ACCRETION DISKS, STARS: PLANETARY SYSTEMS, SOLAR SYSTEM: FORMATION},
     year = 1999,
    month = aug,
   volume = 521,
    pages = {823-838},
      doi = {10.1086/307581},
   adsurl = {http://adsabs.harvard.edu/abs/1999ApJ...521..823P},
  adsnote = {Provided by the SAO/NASA Astrophysics Data System}
}

@BOOK{kippenhahn90,
   author = {{Kippenhahn}, R. and {Weigert}, A.},
    title = "{Stellar Structure and Evolution}",
 keywords = {STELLAR STRUCTURE, STELLAR EVOLUTION},
booktitle = {Stellar Structure and Evolution, XVI, 468 pp.~192 figs..~ Springer-Verlag Berlin Heidelberg New York.~Also Astronomy and Astrophysics Library},
     year = 1990,
   adsurl = {http://adsabs.harvard.edu/abs/1990sse..book.....K},
  adsnote = {Provided by the SAO/NASA Astrophysics Data System}
}

@ARTICLE{mizuno78,
   author = {{Mizuno}, H. and {Nakazawa}, K. and {Hayashi}, C.},
    title = "{Instability of a gaseous envelope surrounding a planetary core and formation of giant planets}",
  journal = {Progress of Theoretical Physics},
     year = 1978,
    month = sep,
   volume = 60,
    pages = {699-710},
      doi = {10.1143/PTP.60.699},
   adsurl = {http://adsabs.harvard.edu/abs/1978PThPh..60..699M},
  adsnote = {Provided by the SAO/NASA Astrophysics Data System}
}

@ARTICLE{boden86,
   author = {{Bodenheimer}, P. and {Pollack}, J.~B.},
    title = "{Calculations of the accretion and evolution of giant planets The effects of solid cores}",
  journal = {Icarus},
 keywords = {COMPUTATIONAL ASTROPHYSICS, DEPOSITION, GAS GIANT PLANETS, PLANETARY CORES, PLANETARY EVOLUTION, ASTRONOMICAL MODELS, GRAVITATIONAL EFFECTS, PROTOPLANETS, SATURN (PLANET), TIME DEPENDENCE, URANUS (PLANET)},
     year = 1986,
    month = sep,
   volume = 67,
    pages = {391-408},
      doi = {10.1016/0019-1035(86)90122-3},
   adsurl = {http://adsabs.harvard.edu/abs/1986Icar...67..391B},
  adsnote = {Provided by the SAO/NASA Astrophysics Data System}
}

@ARTICLE{haisch01,
   author = {{Haisch}, Jr., K.~E. and {Lada}, E.~A. and {Lada}, C.~J.},
    title = "{Disk Frequencies and Lifetimes in Young Clusters}",
  journal = {\apjl},
   eprint = {arXiv:astro-ph/0104347},
 keywords = {Infrared: Stars, Galaxy: Open Clusters and Associations: General, Stars: Planetary Systems: Protoplanetary Disks, Stars: Formation},
     year = 2001,
    month = jun,
   volume = 553,
    pages = {L153-L156},
      doi = {10.1086/320685},
   adsurl = {http://adsabs.harvard.edu/abs/2001ApJ...553L.153H},
  adsnote = {Provided by the SAO/NASA Astrophysics Data System}
}


@ARTICLE{lagrange00,
   author = {{Lagrange}, A.-M. and {Backman}, D.~E. and {Artymowicz}, P.},
    title = "{Planetary Material around Main-Sequence Stars}",
  journal = {Protostars and Planets IV},
     year = 2000,
    month = may,
    pages = {639},
   adsurl = {http://adsabs.harvard.edu/abs/2000prpl.conf..639L},
  adsnote = {Provided by the SAO/NASA Astrophysics Data System}
}

@ARTICLE{goldreich04,
   author = {{Goldreich}, P. and {Lithwick}, Y. and {Sari}, R.},
    title = "{Planet Formation by Coagulation: A Focus on Uranus and Neptune}",
  journal = {\araa},
   eprint = {arXiv:astro-ph/0405215},
     year = 2004,
    month = sep,
   volume = 42,
    pages = {549-601},
      doi = {10.1146/annurev.astro.42.053102.134004},
   adsurl = {http://adsabs.harvard.edu/abs/2004ARA%26A..42..549G},
  adsnote = {Provided by the SAO/NASA Astrophysics Data System}
}

@INBOOK{dangelo11,
   author = {{D'Angelo}, G. and {Durisen}, R.~H. and {Lissauer}, J.~J.},
    title = "{Giant Planet Formation}",
booktitle = {Exoplanets, edited by S.~Seager.~ Tucson, AZ: University of Arizona Press, 2011, 526 pp.~ ISBN 978-0-8165-2945-2., p.319-346},
     year = 2011,
   editor = {{Piper}, S.},
    pages = {319-346},
   adsurl = {http://adsabs.harvard.edu/abs/2011exop.book..319D},
  adsnote = {Provided by the SAO/NASA Astrophysics Data System}
}


@ARTICLE{rafikov05,
   author = {{Rafikov}, R.~R.},
    title = "{Can Giant Planets Form by Direct Gravitational Instability?}",
  journal = {\apjl},
   eprint = {arXiv:astro-ph/0406469},
 keywords = {Planets and Satellites: Formation, Solar System: Formation},
     year = 2005,
    month = mar,
   volume = 621,
    pages = {L69-L72},
      doi = {10.1086/428899},
   adsurl = {http://adsabs.harvard.edu/abs/2005ApJ...621L..69R},
  adsnote = {Provided by the SAO/NASA Astrophysics Data System}
}

@ARTICLE{kittel,
   author = {{Kittel}, C. and {Kroemer}, H. and {Landsberg}, P.~T.},
    title = "{Book-Review - Thermal Physics - 3RD.ED.}",
  journal = {\nat},
     year = 1981,
    month = feb,
   volume = 289,
    pages = {729},
   adsurl = {http://adsabs.harvard.edu/abs/1981Natur.289..729K},
  adsnote = {Provided by the SAO/NASA Astrophysics Data System}
}

@BOOK{mandl89,
   author = {{Mandl}, F.},
    title = "{Statistical Physics, 2nd Edition}",
booktitle = {Statistical Physics, 2nd Edition, by F.~Mandl, pp.~402.~ISBN 0-471-91533-5.~Wiley-VCH , January 1989.},
     year = 1989,
    month = jan,
   adsurl = {http://adsabs.harvard.edu/abs/1989stph.book.....M},
  adsnote = {Provided by the SAO/NASA Astrophysics Data System}
}


@BOOK{farkas35,
   author = {{Farkas}, A.},
    title = "{Orthohydrogen, Parahydrogen and Heavy Hydrogen}",
booktitle = {Orthohydrogen, Parahydrogen and Heavy Hydrogen, ~London: Cambridge University Press, 1935.},
     year = 1935,
   adsurl = {http://adsabs.harvard.edu/abs/1989stph.book.....M},
  adsnote = {Provided by the SAO/NASA Astrophysics Data System}
}

@INPROCEEDINGS{harris78,
   author = {{Harris}, A.~W.},
    title = "{The Formation of the Outer Planets}",
 keywords = {PLANETS, OUTER PLANETS, GAS PLANETS, FORMATION, ORIGIN, SOLAR SYSTEM},
booktitle = {Lunar and Planetary Institute Science Conference Abstracts},
     year = 1978,
   series = {Lunar and Planetary Institute Science Conference Abstracts},
   volume = 9,
    month = mar,
    pages = {459-461},
   adsurl = {http://adsabs.harvard.edu/abs/1978LPI.....9..459H},
  adsnote = {Provided by the SAO/NASA Astrophysics Data System}
}

@ARTICLE{pollack96,
   author = {{Pollack}, J.~B. and {Hubickyj}, O. and {Bodenheimer}, P. and 
	{Lissauer}, J.~J. and {Podolak}, M. and {Greenzweig}, Y.},
    title = "{Formation of the Giant Planets by Concurrent Accretion of Solids and Gas}",
  journal = {Icarus},
     year = 1996,
    month = nov,
   volume = 124,
    pages = {62-85},
      doi = {10.1006/icar.1996.0190},
   adsurl = {http://adsabs.harvard.edu/abs/1996Icar..124...62P},
  adsnote = {Provided by the SAO/NASA Astrophysics Data System}
}

@ARTICLE{boss97,
   author = {{Boss}, A.~P.},
    title = "{Giant planet formation by gravitational instability.}",
  journal = {Science},
 keywords = {Jovian Planets: Formation, Solar Nebula: Gravitational Instability, Protoplanetary Disks: Hydrodynamics},
     year = 1997,
   volume = 276,
    pages = {1836-1839},
      doi = {10.1126/science.276.5320.1836},
   adsurl = {http://adsabs.harvard.edu/abs/1997Sci...276.1836B},
  adsnote = {Provided by the SAO/NASA Astrophysics Data System}
}

@BOOK{press92,
   author = {{Press}, W.~H. and {Teukolsky}, S.~A. and {Vetterling}, W.~T. and 
	{Flannery}, B.~P.},
    title = "{Numerical recipes in C. The art of scientific computing}",
booktitle = {Cambridge: University Press, |c1992, 2nd ed.},
     year = 1992,
   adsurl = {http://adsabs.harvard.edu/abs/1992nrca.book.....P},
  adsnote = {Provided by the SAO/NASA Astrophysics Data System}
}

@ARTICLE{alibert05,
   author = {{Alibert}, Y. and {Mordasini}, C. and {Benz}, W. and {Winisdoerffer}, C.
	},
    title = "{Models of giant planet formation with migration and disc evolution}",
  journal = {\aap},
   eprint = {arXiv:astro-ph/0412444},
 keywords = {stars: planetary systems, stars: planetary systems: formation, solar system: formation},
     year = 2005,
    month = apr,
   volume = 434,
    pages = {343-353},
      doi = {10.1051/0004-6361:20042032},
   adsurl = {http://adsabs.harvard.edu/abs/2005A%26A...434..343A},
  adsnote = {Provided by the SAO/NASA Astrophysics Data System}
}

@ARTICLE{dalessio01,
   author = {{D'Alessio}, P. and {Calvet}, N. and {Hartmann}, L.},
    title = "{Accretion Disks around Young Objects. III. Grain Growth}",
  journal = {\apj},
   eprint = {arXiv:astro-ph/0101443},
 keywords = {Accretion, Accretion Disks, Stars: Circumstellar Matter, Stars: Formation, Stars: Pre-Main-Sequence},
     year = 2001,
    month = may,
   volume = 553,
    pages = {321-334},
      doi = {10.1086/320655},
   adsurl = {http://adsabs.harvard.edu/abs/2001ApJ...553..321D},
  adsnote = {Provided by the SAO/NASA Astrophysics Data System}
}

@ARTICLE{pollack85,
   author = {{Pollack}, J.~B. and {McKay}, C.~P. and {Christofferson}, B.~M.
	},
    title = "{A calculation of the Rosseland mean opacity of dust grains in primordial solar system nebulae}",
  journal = {Icarus},
 keywords = {COSMIC DUST, OPACITY, PLANETARY EVOLUTION, SOLAR SYSTEM, ABUNDANCE, ASYMPTOTIC PROPERTIES, EXTINCTION, SIZE DISTRIBUTION, THERMAL STABILITY},
     year = 1985,
    month = dec,
   volume = 64,
    pages = {471-492},
      doi = {10.1016/0019-1035(85)90069-7},
   adsurl = {http://adsabs.harvard.edu/abs/1985Icar...64..471P},
  adsnote = {Provided by the SAO/NASA Astrophysics Data System}
}

@ARTICLE{beckwith90,
   author = {{Beckwith}, S.~V.~W. and {Sargent}, A.~I. and {Chini}, R.~S. and 
	{Guesten}, R.},
    title = "{A survey for circumstellar disks around young stellar objects}",
  journal = {\aj},
 keywords = {MOLECULAR CLOUDS, PRE-MAIN SEQUENCE STARS, SKY SURVEYS (ASTRONOMY), STELLAR ENVELOPES, T TAURI STARS, AURIGA CONSTELLATION, COMPUTATIONAL ASTROPHYSICS, EMISSION SPECTRA, H ALPHA LINE, MILKY WAY GALAXY, STELLAR EVOLUTION, TAURUS CONSTELLATION},
     year = 1990,
    month = mar,
   volume = 99,
    pages = {924-945},
      doi = {10.1086/115385},
   adsurl = {http://adsabs.harvard.edu/abs/1990AJ.....99..924B},
  adsnote = {Provided by the SAO/NASA Astrophysics Data System}
}

@ARTICLE{beckwith91,
   author = {{Beckwith}, S.~V.~W. and {Sargent}, A.~I.},
    title = "{Particle emissivity in circumstellar disks}",
  journal = {\apj},
 keywords = {PARTICLE EMISSION, SHELL STARS, STELLAR MASS EJECTION, MILLIMETER WAVES, PRE-MAIN SEQUENCE STARS, RADIO STARS, T TAURI STARS},
     year = 1991,
    month = nov,
   volume = 381,
    pages = {250-258},
      doi = {10.1086/170646},
   adsurl = {http://adsabs.harvard.edu/abs/1991ApJ...381..250B},
  adsnote = {Provided by the SAO/NASA Astrophysics Data System}
}

@ARTICLE{perez12,
   author = {{P{\'e}rez}, L.~M. and {Carpenter}, J.~M. and {Chandler}, C.~J. and 
	{Isella}, A. and {Andrews}, S.~M. and {Ricci}, L. and {Calvet}, N. and 
	{Corder}, S.~A. and {Deller}, A.~T. and {Dullemond}, C.~P. and 
	{Greaves}, J.~S. and {Harris}, R.~J. and {Henning}, T. and {Kwon}, W. and 
	{Lazio}, J. and {Linz}, H. and {Mundy}, L.~G. and {Sargent}, A.~I. and 
	{Storm}, S. and {Testi}, L. and {Wilner}, D.~J.},
    title = "{Constraints on the Radial Variation of Grain Growth in the AS 209 Circumstellar Disk}",
  journal = {\apjl},
archivePrefix = "arXiv",
   eprint = {1210.5252},
 primaryClass = "astro-ph.SR",
 keywords = {protoplanetary disks, stars: individual: AS 209},
     year = 2012,
    month = nov,
   volume = 760,
      eid = {L17},
    pages = {L17},
      doi = {10.1088/2041-8205/760/1/L17},
   adsurl = {http://adsabs.harvard.edu/abs/2012ApJ...760L..17P},
  adsnote = {Provided by the SAO/NASA Astrophysics Data System}
}

@ARTICLE{vardya60,
   author = {{Vardya}, M.~S.},
    title = "{Hydrogen-Helium Adiabats for Late-Type Stars.}",
  journal = {\apjs},
     year = 1960,
    month = mar,
   volume = 4,
    pages = {281},
      doi = {10.1086/190051},
   adsurl = {http://adsabs.harvard.edu/abs/1960ApJS....4..281V},
  adsnote = {Provided by the SAO/NASA Astrophysics Data System}
}

@ARTICLE{blanksby03,
   author = {Blanksby, S.~J. and {Ellison}, G.~B..},
    title = "{Bond Dissociation Energies of Organic Moclecules.}",
  journal = {Acc. Chem. Res.},
     year = 2003,
    month = jan,
   volume = 36,
    pages = {255},
      doi = {10.1021},
   %adsurl = {http://adsabs.harvard.edu/abs/1960ApJS....4..281V},
  adsnote 
  
  @ARTICLE{langmuir12,
   author = {{Langmuir}, I.},
    title = "{The dissociation of hydrogen into atoms.}",
  journal = {J. Am. Chem. Soc.},
     year = 1912,
    month = mar,
   volume = 34,
    pages = {860},
      %doi = {10.1086/190051},
   %adsurl = {http://adsabs.harvard.edu/abs/1960ApJS....4..281V},
  %adsnote = {Provided by the SAO/NASA Astrophysics Data System}
}

@ARTICLE{ormel13,
   author = {{Ormel}, C.~W.},
    title = "{The steady-state flow pattern past gravitating bodies}",
  journal = {\mnras},
archivePrefix = "arXiv",
   eprint = {1210.7501},
 primaryClass = "astro-ph.EP",
 keywords = {hydrodynamics, methods: analytical, planets and satellites: formation, protoplanetary discs},
     year = 2013,
    month = feb,
   volume = 428,
    pages = {3526-3542},
      doi = {10.1093/mnras/sts289},
   adsurl = {http://adsabs.harvard.edu/abs/2013MNRAS.428.3526O},
  adsnote = {Provided by the SAO/NASA Astrophysics Data System}
}

@ARTICLE{jay99,
   author = {{Jayawardhana}, R. and {Hartmann}, L. and {Fazio}, G. and {Fisher}, R.~S. and 
	{Telesco}, C.~M. and {Pi{\~n}a}, R.~K.},
    title = "{A Disk Census for the Nearest Group of Young Stars: Mid-Infrared Observations of the TW Hydrae Association}",
  journal = {\apjl},
   eprint = {arXiv:astro-ph/9906316},
 keywords = {ACCRETION, ACCRETION DISKS, STARS: BINARIES: GENERAL, STARS: CIRCUMSTELLAR MATTER, GALAXY: OPEN CLUSTERS AND ASSOCIATIONS: INDIVIDUAL: NAME: TW HYDRAE, STARS: PRE-MAIN-SEQUENCE},
     year = 1999,
    month = aug,
   volume = 521,
    pages = {L129-L132},
      doi = {10.1086/312200},
   adsurl = {http://adsabs.harvard.edu/abs/1999ApJ...521L.129J},
  adsnote = {Provided by the SAO/NASA Astrophysics Data System}
}

@ARTICLE{ida13,
   author = {{Ida}, S. and {Lin}, D.~N.~C. and {Nagasawa}, M.},
    title = "{Toward a Deterministic Model of Planetary Formation. VII. Eccentricity Distribution of Gas Giants}",
  journal = {\apj},
archivePrefix = "arXiv",
   eprint = {1307.6450},
 primaryClass = "astro-ph.EP",
 keywords = {planets and satellites: formation, planet-disk interactions, protoplanetary disks, stars: statistics },
     year = 2013,
    month = sep,
   volume = 775,
      eid = {42},
    pages = {42},
      doi = {10.1088/0004-637X/775/1/42},
   adsurl = {http://adsabs.harvard.edu/abs/2013ApJ...775...42I},
  adsnote = {Provided by the SAO/NASA Astrophysics Data System}
}

@ARTICLE{larson69,
   author = {{Larson}, R.~B.},
    title = "{Numerical calculations of the dynamics of collapsing proto-star}",
  journal = {\mnras},
     year = 1969,
   volume = 145,
    pages = {271},
   adsurl = {http://adsabs.harvard.edu/abs/1969MNRAS.145..271L},
  adsnote = {Provided by the SAO/NASA Astrophysics Data System}
}

@ARTICLE{bodenheimer80,
   author = {{Bodenheimer}, P. and {Grossman}, A.~S. and {Decampli}, W.~M. and 
	{Marcy}, G. and {Pollack}, J.~B.},
    title = "{Calculations of the evolution of the giant planets}",
  journal = {\icarus},
 keywords = {GAS GIANT PLANETS, PLANETARY EVOLUTION, PROTOPLANETS, ASTRONOMICAL MODELS, PLANETARY STRUCTURE, CORES, SYMMETRY, CHEMICAL PROPERTIES, LUMINOSITY, PLANETESIMALS, STRUCTURE, ROTATION, PLANETS, EVOLUTION, EQUATIONS OF STATE, OPACITY, NEBULAS, SOLAR SYSTEM, CONDENSATION, COMPOSITION, MASS, DENSITY, DYNAMICS, HYDROSTATICS, COLLAPSE, DISSOCIATION, DATA, HYDROGEN, EQULIBRIUM, COOLING, CONTRACTION, COMPARISONS, MODELS, TEMPERATURES, JUPITER, SATURN, PHASES},
     year = 1980,
    month = feb,
   volume = 41,
    pages = {293-308},
      doi = {10.1016/0019-1035(80)90012-3},
   adsurl = {http://adsabs.harvard.edu/abs/1980Icar...41..293B},
  adsnote = {Provided by the SAO/NASA Astrophysics Data System}
}

@ARTICLE{lambrechts12,
   author = {{Lambrechts}, M. and {Johansen}, A.},
    title = "{Rapid growth of gas-giant cores by pebble accretion}",
  journal = {\aap},
archivePrefix = "arXiv",
   eprint = {1205.3030},
 primaryClass = "astro-ph.EP",
 keywords = {accretion, accretion disks, hydrodynamics, methods: numerical, planets and satellites: formation, protoplanetary disks},
     year = 2012,
    month = aug,
   volume = 544,
      eid = {A32},
    pages = {A32},
      doi = {10.1051/0004-6361/201219127},
   adsurl = {http://adsabs.harvard.edu/abs/2012A%26A...544A..32L},
  adsnote = {Provided by the SAO/NASA Astrophysics Data System}
}

@ARTICLE{graboske69,
   author = {{Graboske}, H.~C. and {Harwood}, D.~J. and {Rogers}, F.~J.},
    title = "{Thermodynamic Properties of Nonideal Gases. I. Free-Energy Minimization Method}",
  journal = {Physical Review},
     year = 1969,
    month = oct,
   volume = 186,
    pages = {210-225},
      doi = {10.1103/PhysRev.186.210},
   adsurl = {http://adsabs.harvard.edu/abs/1969PhRv..186..210G},
  adsnote = {Provided by the SAO/NASA Astrophysics Data System}
}

@ARTICLE{arras06,
   author = {{Arras}, P. and {Bildsten}, L.},
    title = "{Thermal Structure and Radius Evolution of Irradiated Gas Giant Planets}",
  journal = {\apj},
   eprint = {astro-ph/0601317},
 keywords = {Stars: Planetary Systems, Planets and Satellites: General},
     year = 2006,
    month = oct,
   volume = 650,
    pages = {394-407},
      doi = {10.1086/506011},
   adsurl = {http://adsabs.harvard.edu/abs/2006ApJ...650..394A},
  adsnote = {Provided by the SAO/NASA Astrophysics Data System}
}


@ARTICLE{rafikov11,
   author = {{Rafikov}, R.~R.},
    title = "{Constraint on the Giant Planet Production by Core Accretion}",
  journal = {\apj},
archivePrefix = "arXiv",
   eprint = {1004.5139},
 primaryClass = "astro-ph.EP",
 keywords = {planetary systems, planets and satellites: formation, protoplanetary disks},
     year = 2011,
    month = feb,
   volume = 727,
      eid = {86},
    pages = {86},
      doi = {10.1088/0004-637X/727/2/86},
   adsurl = {http://adsabs.harvard.edu/abs/2011ApJ...727...86R},
  adsnote = {Provided by the SAO/NASA Astrophysics Data System}
}

@ARTICLE{hubickyj05,
   author = {{Hubickyj}, O. and {Bodenheimer}, P. and {Lissauer}, J.~J.},
    title = "{Accretion of the gaseous envelope of Jupiter around a 5 10 Earth-mass core}",
  journal = {\icarus},
     year = 2005,
    month = dec,
   volume = 179,
    pages = {415-431},
      doi = {10.1016/j.icarus.2005.06.021},
   adsurl = {http://adsabs.harvard.edu/abs/2005Icar..179..415H},
  adsnote = {Provided by the SAO/NASA Astrophysics Data System}
}

@ARTICLE{nettelmann12,
   author = {{Nettelmann}, N. and {Becker}, A. and {Holst}, B. and {Redmer}, R.
	},
    title = "{Jupiter Models with Improved Ab Initio Hydrogen Equation of State (H-REOS.2)}",
  journal = {\apj},
archivePrefix = "arXiv",
   eprint = {1109.5644},
 primaryClass = "astro-ph.EP",
 keywords = {equation of state, planets and satellites: individual: Jupiter},
     year = 2012,
    month = may,
   volume = 750,
      eid = {52},
    pages = {52},
      doi = {10.1088/0004-637X/750/1/52},
   adsurl = {http://adsabs.harvard.edu/abs/2012ApJ...750...52N},
  adsnote = {Provided by the SAO/NASA Astrophysics Data System}
}

@ARTICLE{nettelmann08,
   author = {{Nettelmann}, N. and {Holst}, B. and {Kietzmann}, A. and {French}, M. and 
	{Redmer}, R. and {Blaschke}, D.},
    title = "{Ab Initio Equation of State Data for Hydrogen, Helium, and Water and the Internal Structure of Jupiter}",
  journal = {\apj},
archivePrefix = "arXiv",
   eprint = {0712.1019},
 keywords = {Equation of State, Planets and Satellites: Individual: Jupiter},
     year = 2008,
    month = aug,
   volume = 683,
    pages = {1217-1228},
      doi = {10.1086/589806},
   adsurl = {http://adsabs.harvard.edu/abs/2008ApJ...683.1217N},
  adsnote = {Provided by the SAO/NASA Astrophysics Data System}
}

@ARTICLE{militzer13,
   author = {{Militzer}, B. and {Hubbard}, W.~B.},
    title = "{Ab Initio Equation of State for Hydrogen-Helium Mixtures with Recalibration of the Giant-planet Mass-Radius Relation}",
  journal = {\apj},
archivePrefix = "arXiv",
   eprint = {1302.4691},
 primaryClass = "astro-ph.EP",
 keywords = {methods: numerical, planets and satellites: individual: Jupiter Saturn, planets and satellites: interiors},
     year = 2013,
    month = sep,
   volume = 774,
      eid = {148},
    pages = {148},
      doi = {10.1088/0004-637X/774/2/148},
   adsurl = {http://adsabs.harvard.edu/abs/2013ApJ...774..148M},
  adsnote = {Provided by the SAO/NASA Astrophysics Data System}
}

@ARTICLE{mordasini12,
   author = {{Mordasini}, C. and {Alibert}, Y. and {Klahr}, H. and {Henning}, T.
	},
    title = "{Characterization of exoplanets from their formation. I. Models of combined planet formation and evolution}",
  journal = {\aap},
archivePrefix = "arXiv",
   eprint = {1206.6103},
 primaryClass = "astro-ph.EP",
 keywords = {planetary systems, planet-disk interactions, planets and satellites: formation, planets and satellites: interiors, planets and satellites: individual: Jupiter, methods: numerical},
     year = 2012,
    month = nov,
   volume = 547,
      eid = {A111},
    pages = {A111},
      doi = {10.1051/0004-6361/201118457},
   adsurl = {http://adsabs.harvard.edu/abs/2012A%26A...547A.111M},
  adsnote = {Provided by the SAO/NASA Astrophysics Data System}
}

@ARTICLE{hori10,
   author = {{Hori}, Y. and {Ikoma}, M.},
    title = "{Critical Core Masses for Gas Giant Formation with Grain-free Envelopes}",
  journal = {\apj},
archivePrefix = "arXiv",
   eprint = {1003.4798},
 primaryClass = "astro-ph.EP",
 keywords = {accretion, accretion disks, planets and satellites: formation},
     year = 2010,
    month = may,
   volume = 714,
    pages = {1343-1346},
      doi = {10.1088/0004-637X/714/2/1343},
   adsurl = {http://adsabs.harvard.edu/abs/2010ApJ...714.1343H},
  adsnote = {Provided by the SAO/NASA Astrophysics Data System}
}

@ARTICLE{movshovitz10,
   author = {{Movshovitz}, N. and {Bodenheimer}, P. and {Podolak}, M. and 
	{Lissauer}, J.~J.},
    title = "{Formation of Jupiter using opacities based on detailed grain physics}",
  journal = {\icarus},
archivePrefix = "arXiv",
   eprint = {1005.3875},
 primaryClass = "astro-ph.EP",
     year = 2010,
    month = oct,
   volume = 209,
    pages = {616-624},
      doi = {10.1016/j.icarus.2010.06.009},
   adsurl = {http://adsabs.harvard.edu/abs/2010Icar..209..616M},
  adsnote = {Provided by the SAO/NASA Astrophysics Data System}
}

@ARTICLE{mordasini14,
   author = {{Mordasini}, C. and {Klahr}, H. and {Alibert}, Y. and {Miller}, N. and 
	{Henning}, T.},
    title = "{Grain opacity and the bulk composition of extrasolar planets. I. Results from scaling the ISM opacity}",
  journal = {\aap},
archivePrefix = "arXiv",
   eprint = {1403.5272},
 primaryClass = "astro-ph.EP",
 keywords = {planetary systems, planets and satellites: formation, planets and satellites: interiors, methods: numerical, planets and satellites: individual: Jupiter},
     year = 2014,
    month = jun,
   volume = 566,
      eid = {A141},
    pages = {A141},
      doi = {10.1051/0004-6361/201321479},
   adsurl = {http://adsabs.harvard.edu/abs/2014A%26A...566A.141M},
  adsnote = {Provided by the SAO/NASA Astrophysics Data System}
}

@ARTICLE{dangelo13,
   author = {{D'Angelo}, G. and {Bodenheimer}, P.},
    title = "{Three-dimensional Radiation-hydrodynamics Calculations of the Envelopes of Young Planets Embedded in Protoplanetary Disks}",
  journal = {\apj},
archivePrefix = "arXiv",
   eprint = {1310.2211},
 primaryClass = "astro-ph.EP",
 keywords = {accretion, accretion disks, hydrodynamics, methods: numerical, planet-disk interactions, planets and satellites: formation, protoplanetary disks },
     year = 2013,
    month = nov,
   volume = 778,
      eid = {77},
    pages = {77},
      doi = {10.1088/0004-637X/778/1/77},
   adsurl = {http://adsabs.harvard.edu/abs/2013ApJ...778...77D},
  adsnote = {Provided by the SAO/NASA Astrophysics Data System}
}

@ARTICLE{paxton11,
   author = {{Paxton}, B. and {Bildsten}, L. and {Dotter}, A. and {Herwig}, F. and 
	{Lesaffre}, P. and {Timmes}, F.},
    title = "{Modules for Experiments in Stellar Astrophysics (MESA)}",
  journal = {\apjs},
archivePrefix = "arXiv",
   eprint = {1009.1622},
 primaryClass = "astro-ph.SR",
 keywords = {methods: numerical, stars: evolution, stars: general},
     year = 2011,
    month = jan,
   volume = 192,
      eid = {3},
    pages = {3},
      doi = {10.1088/0067-0049/192/1/3},
   adsurl = {http://adsabs.harvard.edu/abs/2011ApJS..192....3P},
  adsnote = {Provided by the SAO/NASA Astrophysics Data System}
}

@ARTICLE{paxton13,
   author = {{Paxton}, B. and {Cantiello}, M. and {Arras}, P. and {Bildsten}, L. and 
	{Brown}, E.~F. and {Dotter}, A. and {Mankovich}, C. and {Montgomery}, M.~H. and 
	{Stello}, D. and {Timmes}, F.~X. and {Townsend}, R.},
    title = "{Modules for Experiments in Stellar Astrophysics (MESA): Planets, Oscillations, Rotation, and Massive Stars}",
  journal = {\apjs},
archivePrefix = "arXiv",
   eprint = {1301.0319},
 primaryClass = "astro-ph.SR",
 keywords = {asteroseismology, methods: numerical, planets and satellites: physical evolution, stars: evolution, stars: massive, stars: rotation},
     year = 2013,
    month = sep,
   volume = 208,
      eid = {4},
    pages = {4},
      doi = {10.1088/0067-0049/208/1/4},
   adsurl = {http://adsabs.harvard.edu/abs/2013ApJS..208....4P},
  adsnote = {Provided by the SAO/NASA Astrophysics Data System}
}

@ARTICLE{piso14,
   author = {{Piso}, A.-M.~A. and {Youdin}, A.~N.},
    title = "{On the Minimum Core Mass for Giant Planet Formation at Wide Separations}",
  journal = {\apj},
archivePrefix = "arXiv",
   eprint = {1311.0011},
 primaryClass = "astro-ph.EP",
 keywords = {planets and satellites: atmospheres, planets and satellites: formation, planets and satellites: gaseous planets },
     year = 2014,
    month = may,
   volume = 786,
      eid = {21},
    pages = {21},
      doi = {10.1088/0004-637X/786/1/21},
   adsurl = {http://adsabs.harvard.edu/abs/2014ApJ...786...21P},
  adsnote = {Provided by the SAO/NASA Astrophysics Data System}
}

@ARTICLE{boley07,
   author = {{Boley}, A.~C. and {Hartquist}, T.~W. and {Durisen}, R.~H. and 
	{Michael}, S.},
    title = "{The Internal Energy for Molecular Hydrogen in Gravitationally Unstable Protoplanetary Disks}",
  journal = {\apjl},
   eprint = {astro-ph/0701146},
 keywords = {Accretion, Accretion Disks, Equation of State, Hydrodynamics, Instabilities, Molecular Processes},
     year = 2007,
    month = feb,
   volume = 656,
    pages = {L89-L92},
      doi = {10.1086/512235},
   adsurl = {http://adsabs.harvard.edu/abs/2007ApJ...656L..89B},
  adsnote = {Provided by the SAO/NASA Astrophysics Data System}
}

@ARTICLE{dalgarno73,
   author = {{Dalgarno}, A. and {Black}, J.~H. and {Weisheit}, J.~C.},
    title = "{Ortho-Para Transitions in H$_{2}$ and the Fractionation of HD}",
  journal = {\aplett},
     year = 1973,
   volume = 14,
    pages = {77},
   adsurl = {http://adsabs.harvard.edu/abs/1973ApL....14...77D},
  adsnote = {Provided by the SAO/NASA Astrophysics Data System}
}

@ARTICLE{inutsuka12,
   author = {{Inutsuka}, S.-i.},
    title = "{Present-day star formation: From molecular cloud cores to protostars and protoplanetary disks}",
  journal = {Progress of Theoretical and Experimental Physics},
 keywords = {star formation, planet formation, protoplanetary disks},
     year = 2012,
    month = oct,
   volume = 2012,
   number = 1,
      eid = {01A307},
    pages = {010000},
      doi = {10.1093/ptep/pts024},
   adsurl = {http://adsabs.harvard.edu/abs/2012PTEP.2012aA307I},
  adsnote = {Provided by the SAO/NASA Astrophysics Data System}
}

@ARTICLE{oberg05,
   author = {{{\"O}berg}, K.~I. and {van Broekhuizen}, F. and {Fraser}, H.~J. and 
	{Bisschop}, S.~E. and {van Dishoeck}, E.~F. and {Schlemmer}, S.
	},
    title = "{Competition between CO and N$_{2}$ Desorption from Interstellar Ices}",
  journal = {\apjl},
 keywords = {Astrochemistry, Infrared: ISM, ISM: Molecules, Methods: Laboratory},
     year = 2005,
    month = mar,
   volume = 621,
    pages = {L33-L36},
      doi = {10.1086/428901},
   adsurl = {http://adsabs.harvard.edu/abs/2005ApJ...621L..33O},
  adsnote = {Provided by the SAO/NASA Astrophysics Data System}
}

@ARTICLE{pontoppidan03,
   author = {{Pontoppidan}, K.~M. and {Fraser}, H.~J. and {Dartois}, E. and 
	{Thi}, W.-F. and {van Dishoeck}, E.~F. and {Boogert}, A.~C.~A. and 
	{d'Hendecourt}, L. and {Tielens}, A.~G.~G.~M. and {Bisschop}, S.~E.
	},
    title = "{A 3-5 {$\mu$} m VLT spectroscopic survey of embedded young low mass stars I.   Structure of the CO ice}",
  journal = {\aap},
   eprint = {astro-ph/0307097},
 keywords = {astrochemistry, stars: circumstellar matter, ISM: dust, extinction, ISM: molecules, infrared: ISM, stars: pre-main sequence},
     year = 2003,
    month = sep,
   volume = 408,
    pages = {981-1007},
      doi = {10.1051/0004-6361:20031030},
   adsurl = {http://adsabs.harvard.edu/abs/2003A%26A...408..981P},
  adsnote = {Provided by the SAO/NASA Astrophysics Data System}
}

@ARTICLE{bisschop06,
   author = {{Bisschop}, S.~E. and {Fraser}, H.~J. and {{\"O}berg}, K.~I. and 
	{van Dishoeck}, E.~F. and {Schlemmer}, S.},
    title = "{Desorption rates and sticking coefficients for CO and N$_{2}$ interstellar ices}",
  journal = {\aap},
   eprint = {astro-ph/0601082},
 keywords = {astrochemistry, molecular processes, methods: laboratory, ISM: molecules, ISM: clouds},
     year = 2006,
    month = apr,
   volume = 449,
    pages = {1297-1309},
      doi = {10.1051/0004-6361:20054051},
   adsurl = {http://adsabs.harvard.edu/abs/2006A%26A...449.1297B},
  adsnote = {Provided by the SAO/NASA Astrophysics Data System}
}

@ARTICLE{boogert08,
   author = {{Boogert}, A.~C.~A. and {Pontoppidan}, K.~M. and {Knez}, C. and 
	{Lahuis}, F. and {Kessler-Silacci}, J. and {van Dishoeck}, E.~F. and 
	{Blake}, G.~A. and {Augereau}, J.-C. and {Bisschop}, S.~E. and 
	{Bottinelli}, S. and {Brooke}, T.~Y. and {Brown}, J. and {Crapsi}, A. and 
	{Evans}, II, N.~J. and {Fraser}, H.~J. and {Geers}, V. and {Huard}, T.~L. and 
	{J{\o}rgensen}, J.~K. and {{\"O}berg}, K.~I. and {Allen}, L.~E. and 
	{Harvey}, P.~M. and {Koerner}, D.~W. and {Mundy}, L.~G. and 
	{Padgett}, D.~L. and {Sargent}, A.~I. and {Stapelfeldt}, K.~R.
	},
    title = "{The c2d Spitzer Spectroscopic Survey of Ices around Low-Mass Young Stellar Objects. I. H$_{2}$O and the 5-8 {$\mu$}m Bands}",
  journal = {\apj},
archivePrefix = "arXiv",
   eprint = {0801.1167},
 keywords = {Astrochemistry, Infrared: ISM, Infrared: Stars, ISM: Abundances, ISM: Molecules, Stars: Formation},
     year = 2008,
    month = may,
   volume = 678,
    pages = {985-1004},
      doi = {10.1086/533425},
   adsurl = {http://adsabs.harvard.edu/abs/2008ApJ...678..985B},
  adsnote = {Provided by the SAO/NASA Astrophysics Data System}
}

@ARTICLE{dodson09,
   author = {{Dodson-Robinson}, S.~E. and {Willacy}, K. and {Bodenheimer}, P. and 
	{Turner}, N.~J. and {Beichman}, C.~A.},
    title = "{Ice lines, planetesimal composition and solid surface density in the solar nebula}",
  journal = {\icarus},
archivePrefix = "arXiv",
   eprint = {0806.3788},
     year = 2009,
    month = apr,
   volume = 200,
    pages = {672-693},
      doi = {10.1016/j.icarus.2008.11.023},
   adsurl = {http://adsabs.harvard.edu/abs/2009Icar..200..672D},
  adsnote = {Provided by the SAO/NASA Astrophysics Data System}
}

@ARTICLE{oberg11,
   author = {{{\"O}berg}, K.~I. and {Murray-Clay}, R. and {Bergin}, E.~A.
	},
    title = "{The Effects of Snowlines on C/O in Planetary Atmospheres}",
  journal = {\apjl},
archivePrefix = "arXiv",
   eprint = {1110.5567},
 primaryClass = "astro-ph.GA",
 keywords = {astrochemistry, circumstellar matter, molecular processes, planetary systems, planet-disk interactions, planets and satellites: atmospheres},
     year = 2011,
    month = dec,
   volume = 743,
      eid = {L16},
    pages = {L16},
      doi = {10.1088/2041-8205/743/1/L16},
   adsurl = {http://adsabs.harvard.edu/abs/2011ApJ...743L..16O},
  adsnote = {Provided by the SAO/NASA Astrophysics Data System}
}

@ARTICLE{lahuis00,
   author = {{Lahuis}, F. and {van Dishoeck}, E.~F.},
    title = "{ISO-SWS spectroscopy of gas-phase C\_2H\_2 and HCN toward massive young stellar objects}",
  journal = {\aap},
 keywords = {ISM: MOLECULES, ISM: CLOUDS, STARS: FORMATION, MOLECULAR PROCESSES, METHODS: DATA ANALYSIS},
     year = 2000,
    month = mar,
   volume = 355,
    pages = {699-712},
   adsurl = {http://adsabs.harvard.edu/abs/2000A%26A...355..699L},
  adsnote = {Provided by the SAO/NASA Astrophysics Data System}
}

@ARTICLE{garaud07,
   author = {{Garaud}, P. and {Lin}, D.~N.~C.},
    title = "{The Effect of Internal Dissipation and Surface Irradiation on the Structure of Disks and the Location of the Snow Line around Sun-like Stars}",
  journal = {\apj},
   eprint = {astro-ph/0605110},
 keywords = {Accretion, Accretion Disks, Methods: Analytical, Solar System: Formation},
     year = 2007,
    month = jan,
   volume = 654,
    pages = {606-624},
      doi = {10.1086/509041},
   adsurl = {http://adsabs.harvard.edu/abs/2007ApJ...654..606G},
  adsnote = {Provided by the SAO/NASA Astrophysics Data System}
}

@ARTICLE{stevenson88,
   author = {{Stevenson}, D.~J. and {Lunine}, J.~I.},
    title = "{Rapid formation of Jupiter by diffuse redistribution of water vapor in the solar nebula}",
  journal = {\icarus},
 keywords = {Jupiter (Planet), Planetary Evolution, Planetary Nebulae, Water Vapor, Abundance, Accretion Disks, Astronomical Models, Diffusion Theory},
     year = 1988,
    month = jul,
   volume = 75,
    pages = {146-155},
      doi = {10.1016/0019-1035(88)90133-9},
   adsurl = {http://adsabs.harvard.edu/abs/1988Icar...75..146S},
  adsnote = {Provided by the SAO/NASA Astrophysics Data System}
}

@ARTICLE{cuzzi04,
   author = {{Cuzzi}, J.~N. and {Zahnle}, K.~J.},
    title = "{Material Enhancement in Protoplanetary Nebulae by Particle Drift through Evaporation Fronts}",
  journal = {\apj},
   eprint = {astro-ph/0409276},
 keywords = {Accretion, Accretion Disks, Diffusion, Stars: Planetary Systems: Protoplanetary Disks, Solar System: Formation, Turbulence},
     year = 2004,
    month = oct,
   volume = 614,
    pages = {490-496},
      doi = {10.1086/423611},
   adsurl = {http://adsabs.harvard.edu/abs/2004ApJ...614..490C},
  adsnote = {Provided by the SAO/NASA Astrophysics Data System}
}

@ARTICLE{ciesla06,
   author = {{Ciesla}, F.~J. and {Cuzzi}, J.~N.},
    title = "{The evolution of the water distribution in a viscous protoplanetary disk}",
  journal = {\icarus},
   eprint = {astro-ph/0511372},
     year = 2006,
    month = mar,
   volume = 181,
    pages = {178-204},
      doi = {10.1016/j.icarus.2005.11.009},
   adsurl = {http://adsabs.harvard.edu/abs/2006Icar..181..178C},
  adsnote = {Provided by the SAO/NASA Astrophysics Data System}
}

@ARTICLE{weidenschilling77,
   author = {{Weidenschilling}, S.~J.},
    title = "{Aerodynamics of solid bodies in the solar nebula}",
  journal = {\mnras},
 keywords = {Aerodynamic Drag, Interplanetary Dust, Nebulae, Radial Velocity, Solids, Sun, Equations Of Motion, Fractionation, Orbital Velocity, Particle Collisions, Particle Motion, Pressure Gradients, Stellar Models, Wind Velocity},
     year = 1977,
    month = jul,
   volume = 180,
    pages = {57-70},
   adsurl = {http://adsabs.harvard.edu/abs/1977MNRAS.180...57W},
  adsnote = {Provided by the SAO/NASA Astrophysics Data System}
}

@ARTICLE{chiang10,
   author = {{Chiang}, E. and {Youdin}, A.~N.},
    title = "{Forming Planetesimals in Solar and Extrasolar Nebulae}",
  journal = {Annual Review of Earth and Planetary Sciences},
archivePrefix = "arXiv",
   eprint = {0909.2652},
 primaryClass = "astro-ph.EP",
     year = 2010,
    month = may,
   volume = 38,
    pages = {493-522},
      doi = {10.1146/annurev-earth-040809-152513},
   adsurl = {http://adsabs.harvard.edu/abs/2010AREPS..38..493C},
  adsnote = {Provided by the SAO/NASA Astrophysics Data System}
}

@ARTICLE{stevenson85,
   author = {{Stevenson}, D.~J.},
    title = "{Cosmochemistry and structure of the giant planets and their satellites}",
  journal = {\icarus},
 keywords = {Cosmochemistry, Gas Giant Planets, Natural Satellites, Planetary Composition, Planetary Evolution, Abundance, Adiabatic Conditions, Mass Ratios, Planetary Gravitation, Planetary Structure, PLANETS, GIANT PLANETS, COSMOCHEMISTRY, STRUCTURE, SATELLITES, COMPOSITION, PRESSURE, TEMPERATURE, PARAMETERS, GRAVITY EFFECTS, INTERIORS, HYPOTHESES, COMPARISONS, PHYSICAL PROPERTIES, THEORETICAL STUDIES},
     year = 1985,
    month = apr,
   volume = 62,
    pages = {4-15},
      doi = {10.1016/0019-1035(85)90168-X},
   adsurl = {http://adsabs.harvard.edu/abs/1985Icar...62....4S},
  adsnote = {Provided by the SAO/NASA Astrophysics Data System}
}

@INBOOK{guillot04,
   author = {{Guillot}, T. and {Stevenson}, D.~J. and {Hubbard}, W.~B. and 
	{Saumon}, D.},
    title = "{The interior of Jupiter}",
 keywords = {Jupiter: Interior},
booktitle = {Jupiter.~The Planet, Satellites and Magnetosphere},
     year = 2004,
   editor = {{Bagenal}, F. and {Dowling}, T.~E. and {McKinnon}, W.~B.},
    pages = {35-57},
   adsurl = {http://adsabs.harvard.edu/abs/2004jpsm.book...35G},
  adsnote = {Provided by the SAO/NASA Astrophysics Data System}
}

@ARTICLE{lodders09,
   author = {{Lodders}, K.},
    title = "{Exoplanet Chemistry}",
  journal = {ArXiv e-prints},
archivePrefix = "arXiv",
   eprint = {0910.0811},
 primaryClass = "astro-ph.EP",
 keywords = {Astrophysics - Earth and Planetary Astrophysics},
     year = 2009,
    month = oct,
   adsurl = {http://adsabs.harvard.edu/abs/2009arXiv0910.0811L},
  adsnote = {Provided by the SAO/NASA Astrophysics Data System}
}


@ARTICLE{madhu11,
   author = {{Madhusudhan}, N. and {Harrington}, J. and {Stevenson}, K.~B. and 
	{Nymeyer}, S. and {Campo}, C.~J. and {Wheatley}, P.~J. and {Deming}, D. and 
	{Blecic}, J. and {Hardy}, R.~A. and {Lust}, N.~B. and {Anderson}, D.~R. and 
	{Collier-Cameron}, A. and {Britt}, C.~B.~T. and {Bowman}, W.~C. and 
	{Hebb}, L. and {Hellier}, C. and {Maxted}, P.~F.~L. and {Pollacco}, D. and 
	{West}, R.~G.},
    title = "{A high C/O ratio and weak thermal inversion in the atmosphere of exoplanet WASP-12b}",
  journal = {\nat},
archivePrefix = "arXiv",
   eprint = {1012.1603},
 primaryClass = "astro-ph.EP",
     year = 2011,
    month = jan,
   volume = 469,
    pages = {64-67},
      doi = {10.1038/nature09602},
   adsurl = {http://adsabs.harvard.edu/abs/2011Natur.469...64M},
  adsnote = {Provided by the SAO/NASA Astrophysics Data System}
}

@ARTICLE{hollenbach09,
   author = {{Hollenbach}, D. and {Kaufman}, M.~J. and {Bergin}, E.~A. and 
	{Melnick}, G.~J.},
    title = "{Water, O$_{2}$, and Ice in Molecular Clouds}",
  journal = {\apj},
archivePrefix = "arXiv",
   eprint = {0809.1642},
 keywords = {astrochemistry, ISM: abundances, ISM: lines and bands, ISM: molecules},
     year = 2009,
    month = jan,
   volume = 690,
    pages = {1497-1521},
      doi = {10.1088/0004-637X/690/2/1497},
   adsurl = {http://adsabs.harvard.edu/abs/2009ApJ...690.1497H},
  adsnote = {Provided by the SAO/NASA Astrophysics Data System}
}

@ARTICLE{hartmann06,
   author = {{Hartmann}, L. and {D'Alessio}, P. and {Calvet}, N. and {Muzerolle}, J.
	},
    title = "{Why Do T Tauri Disks Accrete?}",
  journal = {\apj},
   eprint = {astro-ph/0605294},
 keywords = {Accretion, Accretion Disks, Infrared: Stars, Stars: Formation, Stars: Pre-Main-Sequence},
     year = 2006,
    month = sep,
   volume = 648,
    pages = {484-490},
      doi = {10.1086/505788},
   adsurl = {http://adsabs.harvard.edu/abs/2006ApJ...648..484H},
  adsnote = {Provided by the SAO/NASA Astrophysics Data System}
}

@ARTICLE{visser09,
   author = {{Visser}, R. and {van Dishoeck}, E.~F. and {Doty}, S.~D. and 
	{Dullemond}, C.~P.},
    title = "{The chemical history of molecules in circumstellar disks. I. Ices}",
  journal = {\aap},
archivePrefix = "arXiv",
   eprint = {0901.1313},
 primaryClass = "astro-ph.SR",
 keywords = {astrochemistry, stars: formation, stars: circumstellar matter, stars: planetary systems: protoplanetary disks, molecular processes},
     year = 2009,
    month = mar,
   volume = 495,
    pages = {881-897},
      doi = {10.1051/0004-6361/200810846},
   adsurl = {http://adsabs.harvard.edu/abs/2009A%26A...495..881V},
  adsnote = {Provided by the SAO/NASA Astrophysics Data System}
}

@BOOK{armitage10,
   author = {{Armitage}, P.~J.},
    title = "{Astrophysics of Planet Formation}",
 keywords = {planets and satellites: formation, solar system: formation, protoplanetary disks, planets and satellites: dynamical evolution and stability},
booktitle = {Astrophysics of Planet Formation, by Philip J.~Armitage, pp.~294.~ISBN 978-0-521-88745-8 (hardback).~Cambridge, UK: Cambridge University Press, 2010.},
     year = 2010,
   adsurl = {http://adsabs.harvard.edu/abs/2010apf..book.....A},
  adsnote = {Provided by the SAO/NASA Astrophysics Data System}
}

@ARTICLE{birnstiel12,
   author = {{Birnstiel}, T. and {Klahr}, H. and {Ercolano}, B.},
    title = "{A simple model for the evolution of the dust population in protoplanetary disks}",
  journal = {\aap},
archivePrefix = "arXiv",
   eprint = {1201.5781},
 primaryClass = "astro-ph.EP",
 keywords = {accretion, accretion disks, protoplanetary disks, stars: pre-main sequence, circumstellar matter, planets and satellites: formation},
     year = 2012,
    month = mar,
   volume = 539,
      eid = {A148},
    pages = {A148},
      doi = {10.1051/0004-6361/201118136},
   adsurl = {http://adsabs.harvard.edu/abs/2012A%26A...539A.148B},
  adsnote = {Provided by the SAO/NASA Astrophysics Data System}
}

@ARTICLE{fogel11,
   author = {{Fogel}, J.~K.~J. and {Bethell}, T.~J. and {Bergin}, E.~A. and 
	{Calvet}, N. and {Semenov}, D.},
    title = "{Chemistry of a Protoplanetary Disk with Grain Settling and Ly{$\alpha$} Radiation}",
  journal = {\apj},
archivePrefix = "arXiv",
   eprint = {1011.0446},
 primaryClass = "astro-ph.SR",
 keywords = {astrochemistry, circumstellar matter, ISM: abundances, ISM: molecules, protoplanetary disks, stars: pre-main sequence},
     year = 2011,
    month = jan,
   volume = 726,
      eid = {29},
    pages = {29},
      doi = {10.1088/0004-637X/726/1/29},
   adsurl = {http://adsabs.harvard.edu/abs/2011ApJ...726...29F},
  adsnote = {Provided by the SAO/NASA Astrophysics Data System}
}

@ARTICLE{bergin09,
   author = {{Bergin}, E.~A.},
    title = "{The Chemical Evolution of Protoplanetary Disks}",
  journal = {ArXiv e-prints},
archivePrefix = "arXiv",
   eprint = {0908.3708},
 primaryClass = "astro-ph.EP",
 keywords = {Astrophysics - Earth and Planetary Astrophysics, Astrophysics - Solar and Stellar Astrophysics},
     year = 2009,
    month = aug,
   adsurl = {http://adsabs.harvard.edu/abs/2009arXiv0908.3708B},
  adsnote = {Provided by the SAO/NASA Astrophysics Data System}
}

@ARTICLE{oberg10,
   author = {{{\"O}berg}, K.~I. and {Qi}, C. and {Fogel}, J.~K.~J. and {Bergin}, E.~A. and 
	{Andrews}, S.~M. and {Espaillat}, C. and {van Kempen}, T.~A. and 
	{Wilner}, D.~J. and {Pascucci}, I.},
    title = "{The Disk Imaging Survey of Chemistry with SMA. I. Taurus Protoplanetary Disk Data}",
  journal = {\apj},
archivePrefix = "arXiv",
   eprint = {1007.1476},
 primaryClass = "astro-ph.GA",
 keywords = {astrochemistry, ISM: molecules, protoplanetary disks, radio lines: ISM, stars: formation, techniques: high angular resolution},
     year = 2010,
    month = sep,
   volume = 720,
    pages = {480-493},
      doi = {10.1088/0004-637X/720/1/480},
   adsurl = {http://adsabs.harvard.edu/abs/2010ApJ...720..480O},
  adsnote = {Provided by the SAO/NASA Astrophysics Data System}
}

@ARTICLE{oberg11b,
   author = {{{\"O}berg}, K.~I. and {Qi}, C. and {Wilner}, D.~J. and {Andrews}, S.~M.
	},
    title = "{The Ionization Fraction in the DM Tau Protoplanetary Disk}",
  journal = {\apj},
archivePrefix = "arXiv",
   eprint = {1109.2578},
 primaryClass = "astro-ph.GA",
 keywords = {astrochemistry, ISM: molecules, protoplanetary disks, radio lines: ISM, stars: formation, techniques: high angular resolution},
     year = 2011,
    month = dec,
   volume = 743,
      eid = {152},
    pages = {152},
      doi = {10.1088/0004-637X/743/2/152},
   adsurl = {http://adsabs.harvard.edu/abs/2011ApJ...743..152O},
  adsnote = {Provided by the SAO/NASA Astrophysics Data System}
}

@ARTICLE{oberg11c,
   author = {{{\"O}berg}, K.~I. and {Qi}, C. and {Fogel}, J.~K.~J. and {Bergin}, E.~A. and 
	{Andrews}, S.~M. and {Espaillat}, C. and {Wilner}, D.~J. and 
	{Pascucci}, I. and {Kastner}, J.~H.},
    title = "{Disk Imaging Survey of Chemistry with SMA. II. Southern Sky Protoplanetary Disk Data and Full Sample Statistics}",
  journal = {\apj},
archivePrefix = "arXiv",
   eprint = {1104.1236},
 primaryClass = "astro-ph.GA",
 keywords = {astrochemistry, ISM: molecules, protoplanetary disks, radio lines: ISM, stars: formation, techniques: high angular resolution},
     year = 2011,
    month = jun,
   volume = 734,
      eid = {98},
    pages = {98},
      doi = {10.1088/0004-637X/734/2/98},
   adsurl = {http://adsabs.harvard.edu/abs/2011ApJ...734...98O},
  adsnote = {Provided by the SAO/NASA Astrophysics Data System}
}

@ARTICLE{henning13,
   author = {{Henning}, T. and {Semenov}, D.},
    title = "{Chemistry in Protoplanetary Disks}",
  journal = {Chemical Reviews},
archivePrefix = "arXiv",
   eprint = {1310.3151},
 primaryClass = "astro-ph.GA",
     year = 2013,
    month = dec,
   volume = 113,
    pages = {9016-9042},
      doi = {10.1021/cr400128p},
   adsurl = {http://adsabs.harvard.edu/abs/2013ChRv..113.9016H},
  adsnote = {Provided by the SAO/NASA Astrophysics Data System}
}

@ARTICLE{piso15,
   author = {{Piso}, A.-M.~A. and {Youdin}, A.~N. and {Murray-Clay}, R.~A.
	},
    title = "{Minimum Core Masses for Giant Planet Formation With Realistic Equations of State and Opacities}",
  journal = {ArXiv e-prints},
archivePrefix = "arXiv",
   eprint = {1412.5185},
 primaryClass = "astro-ph.EP",
 keywords = {Astrophysics - Earth and Planetary Astrophysics},
     year = 2014,
    month = dec,
   adsurl = {http://adsabs.harvard.edu/abs/2014arXiv1412.5185P},
  adsnote = {Provided by the SAO/NASA Astrophysics Data System}
}

@ARTICLE{cameron95,
   author = {{Cameron}, A.~G.~W.},
    title = "{The first ten million years in the solar nebula}",
  journal = {Meteoritics},
     year = 1995,
    month = mar,
   volume = 30,
    pages = {133-161},
   adsurl = {http://adsabs.harvard.edu/abs/1995Metic..30..133C},
  adsnote = {Provided by the SAO/NASA Astrophysics Data System}
}

@ARTICLE{ilgner04,
   author = {{Ilgner}, M. and {Henning}, T. and {Markwick}, A.~J. and {Millar}, T.~J.
	},
    title = "{Transport processes and chemical evolution in steady accretion disk flows}",
  journal = {\aap},
 keywords = {solar system: formation, stars: circumstellar matter, ISM: molecules, ISM: abundances, ISM: evolution, protoplanetary disks},
     year = 2004,
    month = feb,
   volume = 415,
    pages = {643-659},
      doi = {10.1051/0004-6361:20034061},
   adsurl = {http://adsabs.harvard.edu/abs/2004A%26A...415..643I},
  adsnote = {Provided by the SAO/NASA Astrophysics Data System}
}

@ARTICLE{vandishoeck,
   author = {{van Dishoeck}, E.~F.},
    title = "{Chemistry in low-mass protostellar and protoplanetary regions}",
  journal = {Proceedings of the National Academy of Science},
     year = 2006,
    month = aug,
   volume = 103,
    pages = {12249-12256},
      doi = {10.1073/pnas.0602207103},
   adsurl = {http://adsabs.harvard.edu/abs/2006PNAS..10312249V},
  adsnote = {Provided by the SAO/NASA Astrophysics Data System}
}

@ARTICLE{akimkin13,
   author = {{Akimkin}, V. and {Zhukovska}, S. and {Wiebe}, D. and {Semenov}, D. and 
	{Pavlyuchenkov}, Y. and {Vasyunin}, A. and {Birnstiel}, T. and 
	{Henning}, T.},
    title = "{Protoplanetary Disk Structure with Grain Evolution: The ANDES Model}",
  journal = {\apj},
archivePrefix = "arXiv",
   eprint = {1302.1403},
 primaryClass = "astro-ph.SR",
 keywords = {accretion, accretion disks, astrochemistry, circumstellar matter, stars: formation, stars: pre-main sequence },
     year = 2013,
    month = mar,
   volume = 766,
      eid = {8},
    pages = {8},
      doi = {10.1088/0004-637X/766/1/8},
   adsurl = {http://adsabs.harvard.edu/abs/2013ApJ...766....8A},
  adsnote = {Provided by the SAO/NASA Astrophysics Data System}
}

@ARTICLE{vasyunin11,
   author = {{Vasyunin}, A.~I. and {Wiebe}, D.~S. and {Birnstiel}, T. and 
	{Zhukovska}, S. and {Henning}, T. and {Dullemond}, C.~P.},
    title = "{Impact of Grain Evolution on the Chemical Structure of Protoplanetary Disks}",
  journal = {\apj},
archivePrefix = "arXiv",
   eprint = {1011.4420},
 primaryClass = "astro-ph.GA",
 keywords = {accretion, accretion disks, astrochemistry, opacity, ultraviolet: planetary systems},
     year = 2011,
    month = feb,
   volume = 727,
      eid = {76},
    pages = {76},
      doi = {10.1088/0004-637X/727/2/76},
   adsurl = {http://adsabs.harvard.edu/abs/2011ApJ...727...76V},
  adsnote = {Provided by the SAO/NASA Astrophysics Data System}
}

@ARTICLE{aikawa06,
   author = {{Aikawa}, Y. and {Nomura}, H.},
    title = "{Physical and Chemical Structure of Protoplanetary Disks with Grain Growth}",
  journal = {\apj},
   eprint = {astro-ph/0601230},
 keywords = {ISM: Molecules, Stars: Planetary Systems: Protoplanetary Disks, Stars: Pre-Main-Sequence},
     year = 2006,
    month = may,
   volume = 642,
    pages = {1152-1162},
      doi = {10.1086/501114},
   adsurl = {http://adsabs.harvard.edu/abs/2006ApJ...642.1152A},
  adsnote = {Provided by the SAO/NASA Astrophysics Data System}
}

@ARTICLE{aikawa99,
   author = {{Aikawa}, Y. and {Umebayashi}, T. and {Nakano}, T. and {Miyama}, S.~M.
	},
    title = "{Evolution of Molecular Abundances in Protoplanetary Disks with Accretion Flow}",
  journal = {\apj},
 keywords = {STARS: CIRCUMSTELLAR MATTER, ISM: ABUNDANCES, ISM: MOLECULES, SOLAR SYSTEM: FORMATION, STARS: FORMATION, STARS: PRE-MAIN-SEQUENCE, Stars: Circumstellar Matter, ISM: Abundances, ISM: Molecules, Solar System: Formation, Stars: Formation, Stars: Pre-Main-Sequence},
     year = 1999,
    month = jul,
   volume = 519,
    pages = {705-725},
      doi = {10.1086/307400},
   adsurl = {http://adsabs.harvard.edu/abs/1999ApJ...519..705A},
  adsnote = {Provided by the SAO/NASA Astrophysics Data System}
}

@ARTICLE{woods09,
   author = {{Woods}, P.~M. and {Willacy}, K.},
    title = "{Carbon Isotope Fractionation in Protoplanetary Disks}",
  journal = {\apj},
archivePrefix = "arXiv",
   eprint = {0812.0269},
 keywords = {astrochemistry, planetary systems: protoplanetary disks, solar system: formation},
     year = 2009,
    month = mar,
   volume = 693,
    pages = {1360-1378},
      doi = {10.1088/0004-637X/693/2/1360},
   adsurl = {http://adsabs.harvard.edu/abs/2009ApJ...693.1360W},
  adsnote = {Provided by the SAO/NASA Astrophysics Data System}
}

@ARTICLE{semenov11,
   author = {{Semenov}, D. and {Wiebe}, D.},
    title = "{Chemical Evolution of Turbulent Protoplanetary Disks and the Solar Nebula}",
  journal = {\apjs},
archivePrefix = "arXiv",
   eprint = {1104.4358},
 primaryClass = "astro-ph.GA",
 keywords = {accretion, accretion disks, astrochemistry, molecular processes, protoplanetary disks, stars: individual: DM Tau, turbulence},
     year = 2011,
    month = oct,
   volume = 196,
      eid = {25},
    pages = {25},
      doi = {10.1088/0067-0049/196/2/25},
   adsurl = {http://adsabs.harvard.edu/abs/2011ApJS..196...25S},
  adsnote = {Provided by the SAO/NASA Astrophysics Data System}
}

@ARTICLE{schwarz14,
   author = {{Schwarz}, K.~R. and {Bergin}, E.~A.},
    title = "{The Effects of Initial Abundances on Nitrogen in Protoplanetary Disks}",
  journal = {\apj},
archivePrefix = "arXiv",
   eprint = {1411.1403},
 primaryClass = "astro-ph.SR",
 keywords = {astrochemistry, circumstellar matter, ISM: abundances, protoplanetary disks, stars: pre-main sequence },
     year = 2014,
    month = dec,
   volume = 797,
      eid = {113},
    pages = {113},
      doi = {10.1088/0004-637X/797/2/113},
   adsurl = {http://adsabs.harvard.edu/abs/2014ApJ...797..113S},
  adsnote = {Provided by the SAO/NASA Astrophysics Data System}
}

@ARTICLE{andrews10,
   author = {{Andrews}, S.~M. and {Wilner}, D.~J. and {Hughes}, A.~M. and 
	{Qi}, C. and {Dullemond}, C.~P.},
    title = "{Protoplanetary Disk Structures in Ophiuchus. II. Extension to Fainter Sources}",
  journal = {\apj},
archivePrefix = "arXiv",
   eprint = {1007.5070},
 primaryClass = "astro-ph.SR",
 keywords = {accretion, accretion disks, circumstellar matter, planetary systems, protoplanetary disks, stars: pre-main sequence},
     year = 2010,
    month = nov,
   volume = 723,
    pages = {1241-1254},
      doi = {10.1088/0004-637X/723/2/1241},
   adsurl = {http://adsabs.harvard.edu/abs/2010ApJ...723.1241A},
  adsnote = {Provided by the SAO/NASA Astrophysics Data System}
}

@ARTICLE{shakura73,
   author = {{Shakura}, N.~I. and {Sunyaev}, R.~A.},
    title = "{Black holes in binary systems. Observational appearance.}",
  journal = {\aap},
     year = 1973,
   volume = 24,
    pages = {337-355},
   adsurl = {http://adsabs.harvard.edu/abs/1973A%26A....24..337S},
  adsnote = {Provided by the SAO/NASA Astrophysics Data System}
}

@BOOK{armitage10,
   author = {{Armitage}, P.~J.},
    title = "{Astrophysics of Planet Formation}",
 keywords = {planets and satellites: formation, solar system: formation, protoplanetary disks, planets and satellites: dynamical evolution and stability},
booktitle = {Astrophysics of Planet Formation, by Philip J.~Armitage, pp.~294.~ISBN 978-0-521-88745-8 (hardback).~Cambridge, UK: Cambridge University Press, 2010.},
     year = 2010,
   adsurl = {http://adsabs.harvard.edu/abs/2010apf..book.....A},
  adsnote = {Provided by the SAO/NASA Astrophysics Data System}
}

@BOOK{fkr02,
   author = {{Frank}, J. and {King}, A. and {Raine}, D.~J.},
    title = "{Accretion Power in Astrophysics: Third Edition}",
booktitle = {Accretion Power in Astrophysics, by Juhan Frank and Andrew King and Derek Raine, pp.~398.~ISBN 0521620538.~Cambridge, UK: Cambridge University Press, February 2002.},
     year = 2002,
    month = jan,
   adsurl = {http://adsabs.harvard.edu/abs/2002apa..book.....F},
  adsnote = {Provided by the SAO/NASA Astrophysics Data System}
}

@ARTICLE{andrews13,
   author = {{Andrews}, S.~M. and {Rosenfeld}, K.~A. and {Kraus}, A.~L. and 
	{Wilner}, D.~J.},
    title = "{The Mass Dependence between Protoplanetary Disks and their Stellar Hosts}",
  journal = {\apj},
archivePrefix = "arXiv",
   eprint = {1305.5262},
 primaryClass = "astro-ph.SR",
 keywords = {protoplanetary disks, submillimeter: planetary systems },
     year = 2013,
    month = jul,
   volume = 771,
      eid = {129},
    pages = {129},
      doi = {10.1088/0004-637X/771/2/129},
   adsurl = {http://adsabs.harvard.edu/abs/2013ApJ...771..129A},
  adsnote = {Provided by the SAO/NASA Astrophysics Data System}
}

@ARTICLE{montet14,
   author = {{Montet}, B.~T. and {Crepp}, J.~R. and {Johnson}, J.~A. and 
	{Howard}, A.~W. and {Marcy}, G.~W.},
    title = "{The TRENDS High-contrast Imaging Survey. IV. The Occurrence Rate of Giant Planets around M Dwarfs}",
  journal = {\apj},
archivePrefix = "arXiv",
   eprint = {1307.5849},
 primaryClass = "astro-ph.EP",
 keywords = {methods: observational, planets and satellites: detection, planets and satellites: fundamental parameters, techniques: high angular resolution, techniques: radial velocities},
     year = 2014,
    month = jan,
   volume = 781,
      eid = {28},
    pages = {28},
      doi = {10.1088/0004-637X/781/1/28},
   adsurl = {http://adsabs.harvard.edu/abs/2014ApJ...781...28M},
  adsnote = {Provided by the SAO/NASA Astrophysics Data System}
}

@ARTICLE{espaillat12,
   author = {{Espaillat}, C. and {Ingleby}, L. and {Hern{\'a}ndez}, J. and 
	{Furlan}, E. and {D'Alessio}, P. and {Calvet}, N. and {Andrews}, S. and 
	{Muzerolle}, J. and {Qi}, C. and {Wilner}, D.},
    title = "{On the Transitional Disk Class: Linking Observations of T Tauri Stars and Physical Disk Models}",
  journal = {\apj},
archivePrefix = "arXiv",
   eprint = {1201.1518},
 primaryClass = "astro-ph.SR",
 keywords = {accretion, accretion disks, circumstellar matter, protoplanetary disks, stars: formation, stars: pre-main sequence},
     year = 2012,
    month = mar,
   volume = 747,
      eid = {103},
    pages = {103},
      doi = {10.1088/0004-637X/747/2/103},
   adsurl = {http://adsabs.harvard.edu/abs/2012ApJ...747..103E},
  adsnote = {Provided by the SAO/NASA Astrophysics Data System}
}

@ARTICLE{perez12,
   author = {{P{\'e}rez}, L.~M. and {Carpenter}, J.~M. and {Chandler}, C.~J. and 
	{Isella}, A. and {Andrews}, S.~M. and {Ricci}, L. and {Calvet}, N. and 
	{Corder}, S.~A. and {Deller}, A.~T. and {Dullemond}, C.~P. and 
	{Greaves}, J.~S. and {Harris}, R.~J. and {Henning}, T. and {Kwon}, W. and 
	{Lazio}, J. and {Linz}, H. and {Mundy}, L.~G. and {Sargent}, A.~I. and 
	{Storm}, S. and {Testi}, L. and {Wilner}, D.~J.},
    title = "{Constraints on the Radial Variation of Grain Growth in the AS 209 Circumstellar Disk}",
  journal = {\apjl},
archivePrefix = "arXiv",
   eprint = {1210.5252},
 primaryClass = "astro-ph.SR",
 keywords = {protoplanetary disks, stars: individual: AS 209},
     year = 2012,
    month = nov,
   volume = 760,
      eid = {L17},
    pages = {L17},
      doi = {10.1088/2041-8205/760/1/L17},
   adsurl = {http://adsabs.harvard.edu/abs/2012ApJ...760L..17P},
  adsnote = {Provided by the SAO/NASA Astrophysics Data System}
}

@ARTICLE{ricci10,
   author = {{Ricci}, L. and {Testi}, L. and {Natta}, A. and {Brooks}, K.~J.
	},
    title = "{Dust grain growth in {$\rho$}-Ophiuchi protoplanetary disks}",
  journal = {\aap},
archivePrefix = "arXiv",
   eprint = {1008.1144},
 primaryClass = "astro-ph.SR",
 keywords = {protoplanetary disks, planets and satellites: formation, stars: pre-main sequence},
     year = 2010,
    month = oct,
   volume = 521,
      eid = {A66},
    pages = {A66},
      doi = {10.1051/0004-6361/201015039},
   adsurl = {http://adsabs.harvard.edu/abs/2010A%26A...521A..66R},
  adsnote = {Provided by the SAO/NASA Astrophysics Data System}
}

@ARTICLE{birnstiel10,
   author = {{Birnstiel}, T. and {Dullemond}, C.~P. and {Brauer}, F.},
    title = "{Gas- and dust evolution in protoplanetary disks}",
  journal = {\aap},
archivePrefix = "arXiv",
   eprint = {1002.0335},
 primaryClass = "astro-ph.EP",
 keywords = {accretion, accretion disks, circumstellar matter, stars: formation, stars: pre-main sequence, infrared: stars},
     year = 2010,
    month = apr,
   volume = 513,
      eid = {A79},
    pages = {A79},
      doi = {10.1051/0004-6361/200913731},
   adsurl = {http://adsabs.harvard.edu/abs/2010A%26A...513A..79B},
  adsnote = {Provided by the SAO/NASA Astrophysics Data System}
}

@ARTICLE{alidib14,
   author = {{Ali-Dib}, M. and {Mousis}, O. and {Petit}, J.-M. and {Lunine}, J.~I.
	},
    title = "{Carbon-rich Planet Formation in a Solar Composition Disk}",
  journal = {\apj},
archivePrefix = "arXiv",
   eprint = {1402.5182},
 primaryClass = "astro-ph.EP",
 keywords = {planets and satellites: atmospheres, planets and satellites: composition, planets and satellites: formation, protoplanetary disks },
     year = 2014,
    month = apr,
   volume = 785,
      eid = {125},
    pages = {125},
      doi = {10.1088/0004-637X/785/2/125},
   adsurl = {http://adsabs.harvard.edu/abs/2014ApJ...785..125A},
  adsnote = {Provided by the SAO/NASA Astrophysics Data System}
}

@ARTICLE{okuzumi12,
   author = {{Okuzumi}, S. and {Tanaka}, H. and {Kobayashi}, H. and {Wada}, K.
	},
    title = "{Rapid Coagulation of Porous Dust Aggregates outside the Snow Line: A Pathway to Successful Icy Planetesimal Formation}",
  journal = {\apj},
archivePrefix = "arXiv",
   eprint = {1204.5035},
 primaryClass = "astro-ph.EP",
 keywords = {dust, extinction, planets and satellites: formation, protoplanetary disks},
     year = 2012,
    month = jun,
   volume = 752,
      eid = {106},
    pages = {106},
      doi = {10.1088/0004-637X/752/2/106},
   adsurl = {http://adsabs.harvard.edu/abs/2012ApJ...752..106O},
  adsnote = {Provided by the SAO/NASA Astrophysics Data System}
}

@ARTICLE{zsom10,
   author = {{Zsom}, A. and {Ormel}, C.~W. and {G{\"u}ttler}, C. and {Blum}, J. and 
	{Dullemond}, C.~P.},
    title = "{The outcome of protoplanetary dust growth: pebbles, boulders, or planetesimals? II. Introducing the bouncing barrier}",
  journal = {\aap},
archivePrefix = "arXiv",
   eprint = {1001.0488},
 primaryClass = "astro-ph.EP",
 keywords = {planets and satellites: formation, accretion, accretion disks, methods: numerical},
     year = 2010,
    month = apr,
   volume = 513,
      eid = {A57},
    pages = {A57},
      doi = {10.1051/0004-6361/200912976},
   adsurl = {http://adsabs.harvard.edu/abs/2010A%26A...513A..57Z},
  adsnote = {Provided by the SAO/NASA Astrophysics Data System}
}

@ARTICLE{ilgner04,
   author = {{Ilgner}, M. and {Henning}, T. and {Markwick}, A.~J. and {Millar}, T.~J.
	},
    title = "{Transport processes and chemical evolution in steady accretion disk flows}",
  journal = {\aap},
 keywords = {solar system: formation, stars: circumstellar matter, ISM: molecules, ISM: abundances, ISM: evolution, protoplanetary disks},
     year = 2004,
    month = feb,
   volume = 415,
    pages = {643-659},
      doi = {10.1051/0004-6361:20034061},
   adsurl = {http://adsabs.harvard.edu/abs/2004A%26A...415..643I},
  adsnote = {Provided by the SAO/NASA Astrophysics Data System}
}

@ARTICLE{vandishoeck06,
   author = {{van Dishoeck}, E.~F.},
    title = "{Chemistry in low-mass protostellar and protoplanetary regions}",
  journal = {Proceedings of the National Academy of Science},
     year = 2006,
    month = aug,
   volume = 103,
    pages = {12249-12256},
      doi = {10.1073/pnas.0602207103},
   adsurl = {http://adsabs.harvard.edu/abs/2006PNAS..10312249V},
  adsnote = {Provided by the SAO/NASA Astrophysics Data System}
}

@ARTICLE{henning13,
   author = {{Henning}, T. and {Semenov}, D.},
    title = "{Chemistry in Protoplanetary Disks}",
  journal = {Chemical Reviews},
archivePrefix = "arXiv",
   eprint = {1310.3151},
 primaryClass = "astro-ph.GA",
     year = 2013,
    month = dec,
   volume = 113,
    pages = {9016-9042},
      doi = {10.1021/cr400128p},
   adsurl = {http://adsabs.harvard.edu/abs/2013ChRv..113.9016H},
  adsnote = {Provided by the SAO/NASA Astrophysics Data System}
}

@ARTICLE{kraus11,
   author = {{Kraus}, A.~L. and {Ireland}, M.~J. and {Martinache}, F. and 
	{Hillenbrand}, L.~A.},
    title = "{Mapping the Shores of the Brown Dwarf Desert. II. Multiple Star Formation in Taurus-Auriga}",
  journal = {\apj},
archivePrefix = "arXiv",
   eprint = {1101.4016},
 primaryClass = "astro-ph.SR",
 keywords = {binaries: general, brown dwarfs, stars: low-mass, stars: pre-main sequence},
     year = 2011,
    month = apr,
   volume = 731,
      eid = {8},
    pages = {8},
      doi = {10.1088/0004-637X/731/1/8},
   adsurl = {http://adsabs.harvard.edu/abs/2011ApJ...731....8K},
  adsnote = {Provided by the SAO/NASA Astrophysics Data System}
}

@ARTICLE{hartmann98,
   author = {{Hartmann}, L. and {Calvet}, N. and {Gullbring}, E. and {D'Alessio}, P.
	},
    title = "{Accretion and the Evolution of T Tauri Disks}",
  journal = {\apj},
 keywords = {ACCRETION, ACCRETION DISKS, STARS: CIRCUMSTELLAR MATTER, STARS: FORMATION, STARS: PRE-MAIN-SEQUENCE, Accretion, Accretion Disks, Stars: Circumstellar Matter, Stars: Formation, Stars: Pre-Main-Sequence},
     year = 1998,
    month = mar,
   volume = 495,
    pages = {385-400},
      doi = {10.1086/305277},
   adsurl = {http://adsabs.harvard.edu/abs/1998ApJ...495..385H},
  adsnote = {Provided by the SAO/NASA Astrophysics Data System}
}

@ARTICLE{qi11,
   author = {{Qi}, C. and {D'Alessio}, P. and {{\"O}berg}, K.~I. and {Wilner}, D.~J. and 
	{Hughes}, A.~M. and {Andrews}, S.~M. and {Ayala}, S.},
    title = "{Resolving the CO Snow Line in the Disk around HD 163296}",
  journal = {\apj},
archivePrefix = "arXiv",
   eprint = {1107.5061},
 primaryClass = "astro-ph.SR",
 keywords = {circumstellar matter, ISM: abundances, planetary systems, protoplanetary disks, radio lines: stars, stars: individual: HD 163296, techniques: interferometric},
     year = 2011,
    month = oct,
   volume = 740,
      eid = {84},
    pages = {84},
      doi = {10.1088/0004-637X/740/2/84},
   adsurl = {http://adsabs.harvard.edu/abs/2011ApJ...740...84Q},
  adsnote = {Provided by the SAO/NASA Astrophysics Data System}
}

@ARTICLE{du15,
   author = {{Du}, F. and {Bergin}, E.~A. and {Hogerheijde}, M.~R.},
    title = "{Volatile depletion in the TW Hydrae disk atmosphere}",
  journal = {ArXiv e-prints},
archivePrefix = "arXiv",
   eprint = {1506.03510},
 primaryClass = "astro-ph.SR",
 keywords = {Astrophysics - Solar and Stellar Astrophysics, Astrophysics - Earth and Planetary Astrophysics},
     year = 2015,
    month = jun,
   adsurl = {http://adsabs.harvard.edu/abs/2015arXiv150603510D},
  adsnote = {Provided by the SAO/NASA Astrophysics Data System}
}

@ARTICLE{madhu14,
   author = {{Madhusudhan}, N. and {Amin}, M.~A. and {Kennedy}, G.~M.},
    title = "{Toward Chemical Constraints on Hot Jupiter Migration}",
  journal = {\apjl},
archivePrefix = "arXiv",
   eprint = {1408.3668},
 primaryClass = "astro-ph.EP",
 keywords = {planetary systems, planets and satellites: general},
     year = 2014,
    month = oct,
   volume = 794,
      eid = {L12},
    pages = {L12},
      doi = {10.1088/2041-8205/794/1/L12},
   adsurl = {http://adsabs.harvard.edu/abs/2014ApJ...794L..12M},
  adsnote = {Provided by the SAO/NASA Astrophysics Data System}
}

@ARTICLE{thiabaud15,
   author = {{Thiabaud}, A. and {Marboeuf}, U. and {Alibert}, Y. and {Leya}, I. and 
	{Mezger}, K.},
    title = "{Gas composition of the main volatile elements in protoplanetary discs and its implication for planet formation}",
  journal = {\aap},
 keywords = {planets and satellites: atmospheres, planets and satellites: terrestrial planets, planets and satellites: formation, protoplanetary disks, planets and satellites: composition, planets and satellites: gaseous planets},
     year = 2015,
    month = feb,
   volume = 574,
      eid = {A138},
    pages = {A138},
      doi = {10.1051/0004-6361/201424868},
   adsurl = {http://adsabs.harvard.edu/abs/2015A%26A...574A.138T},
  adsnote = {Provided by the SAO/NASA Astrophysics Data System}
}

@ARTICLE{zhang13,
   author = {{Zhang}, K. and {Pontoppidan}, K.~M. and {Salyk}, C. and {Blake}, G.~A.
	},
    title = "{Evidence for a Snow Line beyond the Transitional Radius in the TW Hya Protoplanetary Disk}",
  journal = {\apj},
archivePrefix = "arXiv",
   eprint = {1302.3655},
 primaryClass = "astro-ph.EP",
 keywords = {astrochemistry, planetary systems, protoplanetary disks, stars: individual: TW Hya},
     year = 2013,
    month = apr,
   volume = 766,
      eid = {82},
    pages = {82},
      doi = {10.1088/0004-637X/766/2/82},
   adsurl = {http://adsabs.harvard.edu/abs/2013ApJ...766...82Z},
  adsnote = {Provided by the SAO/NASA Astrophysics Data System}
}






